@article{Lautemann1983,
  title = "{BPP} and the polynomial hierarchy ",
  journal = "Information Processing Letters ",
  volume = "17",
  number = "4",
  pages = "215 - 217",
  year = "1983",
  note = "",
  issn = "0020-0190",
  doi = "http://dx.doi.org/10.1016/0020-0190(83)90044-3",
  url = "http://www.sciencedirect.com/science/article/pii/0020019083900443",
  author = "Clemens Lautemann",
  keywords = "Complexity",
  keywords = "probabilistic Turing machines",
  keywords = "polynomial hierarchy "
}
