@article{HS65,
  title={On the computational complexity of algorithms},
  author={Hartmanis, Juris and Stearns, Richard E},
  journal={Transactions of the American Mathematical Society},
  volume={117},
  pages={285--306},
  year={1965},
  publisher={JSTOR}
}

@article{BGS75,
  title={Relativizations of the P=?NP question},
  author={Baker, Theodore and Gill, John and Solovay, Robert},
  journal={SIAM Journal on computing},
  volume={4},
  number={4},
  pages={431--442},
  year={1975},
  publisher={SIAM}
}